<?xml version="1.0" encoding="UTF-8"?><collection xmlns="http://www.loc.gov/MARC21/slim"><record><leader>00420nam--2200133-i-4500</leader><controlfield tag="001">000020792</controlfield><controlfield tag="002">20161230</controlfield><controlfield tag="005">20161230201033</controlfield><controlfield tag="008">060222s1000------------r-----000-0-eng-d</controlfield><datafield ind1=" " ind2=" " tag="080"><subfield code="a">530.145.6</subfield></datafield><datafield ind1=" " ind2=" " tag="245"><subfield code="a">Elements of quantum mechanics of infinite systems.lecture notes by f.strocchi</subfield></datafield><datafield ind1=" " ind2=" " tag="260"><subfield code="a">Singapore, World Scientific, 1985.Xiii + 179 P</subfield></datafield><datafield ind1=" " ind2=" " tag="490"><subfield code="a">International School For Advanced Studies Series,</subfield></datafield><datafield ind1=" " ind2=" " tag="852"><subfield code="a">74722</subfield></datafield></record></collection>